<record><leader>00000cas a22000007a 4500</leader><controlfield tag="001">10302788</controlfield><controlfield tag="008">840114d18321844njuwr ne      0    0eng d</controlfield><datafield ind1=" " ind2=" " tag="010"><subfield code="a">sn 84026147 </subfield></datafield><datafield ind1=" " ind2=" " tag="040"><subfield code="a">NPU</subfield><subfield code="b">eng</subfield><subfield code="c">NPU</subfield><subfield code="d">NPX</subfield><subfield code="d">NPA</subfield><subfield code="d">NJW</subfield><subfield code="d">NYS</subfield><subfield code="d">OCLCQ</subfield></datafield><datafield ind1=" " ind2=" " tag="042"><subfield code="a">msc</subfield></datafield><datafield ind1="0" ind2=" " tag="130"><subfield code="a">Burlington County herald (Mount Holly, N.J. : 1832)</subfield></datafield><datafield ind1="1" ind2="0" tag="245"><subfield code="a">Burlington County herald.</subfield></datafield><datafield ind1=" " ind2=" " tag="260"><subfield code="a">Mount Holly, N.J. :</subfield><subfield code="b">Wm. Boswell, Jr.</subfield></datafield><datafield ind1=" " ind2=" " tag="300"><subfield code="a">v. ;</subfield><subfield code="c">53 cm.</subfield></datafield><datafield ind1=" " ind2=" " tag="310"><subfield code="a">Weekly</subfield></datafield><datafield ind1="1" ind2=" " tag="362"><subfield code="a">Began in 1832; ceased in 1844?</subfield><subfield code="z">Cf. Wright, W.C. and Stellhorn, P.A. Direct. of N.J. newspapers.</subfield></datafield><datafield ind1=" " ind2=" " tag="588"><subfield code="a">Description based on: Vol. 1, no. 28 (Feb. 10, 1832).</subfield></datafield><datafield ind1=" " ind2=" " tag="752"><subfield code="a">United States</subfield><subfield code="b">New Jersey</subfield><subfield code="c">Burlington</subfield><subfield code="d">Mount Holly.</subfield></datafield><datafield ind1="0" ind2="0" tag="780"><subfield code="t">New Jersey chronicle &amp; herald</subfield><subfield code="w">(DLC)sn 85025305</subfield><subfield code="w">((OCoLC)11636489</subfield></datafield><datafield ind1="0" ind2="0" tag="785"><subfield code="t">Burlington County herald, and general advertiser</subfield><subfield code="w">(DLC)sn 85035799</subfield><subfield code="w">(OCoLC)13039642</subfield></datafield><datafield ind1="1" ind2=" " tag="029"><subfield code="a">AU@</subfield><subfield code="b">000020411770</subfield></datafield></record>